@inproceedings{bonneland2018start,
  title={Start Pruning When Time Gets Urgent: Partial Order Reduction for Timed Systems},
  author={B{\o}nneland, Frederik M and Jensen, Peter Gj{\o}l and Larsen, Kim Guldstrand and Muniz, Marco and Srba, Ji{\v{r}}{\'\i}},
  booktitle={International Conference on Computer Aided Verification},
  pages={527--546},
  year={2018},
  organization={Springer}
}

@article{bourdil2016symmetry,
  title={Symmetry reduction for time Petri net state classes},
  author={Bourdil, Pierre-Alain and Berthomieu, Bernard and Dal Zilio, Silvano and Vernadat, Fran{\c{c}}ois},
  journal={Science of Computer Programming},
  volume={132},
  pages={209--225},
  year={2016},
  publisher={Elsevier}
}

@inproceedings{wolf2018petri,
  title={Petri net model checking with LoLA 2},
  author={Wolf, Karsten},
  booktitle={International Conference on Applications and Theory of Petri Nets and Concurrency},
  pages={351--362},
  year={2018},
  organization={Springer}
}

@inproceedings{heiner2015charlie,
  title={Charlie--an extensible Petri net analysis tool},
  author={Heiner, Monika and Schwarick, Martin and Wegener, Jan-Thierry},
  booktitle={International Conference on Applications and Theory of Petri Nets and Concurrency},
  pages={200--211},
  year={2015},
  organization={Springer}
}

@article{xiang2017detecting,
  title={Detecting data inconsistency based on the unfolding technique of petri nets},
  author={Xiang, Dongming and Liu, Guanjun and Yan, Chungang and Jiang, Changjun},
  journal={IEEE Transactions on Industrial Informatics},
  volume={13},
  number={6},
  pages={2995--3005},
  year={2017},
  publisher={IEEE}
}